%YAML 1.1
%TAG !u! tag:unity3d.com,2011:
--- !u!1 &100000
GameObject:
  m_ObjectHideFlags: 0
  m_PrefabParentObject: {fileID: 0}
  m_PrefabInternal: {fileID: 100100000}
  serializedVersion: 4
  m_Component:
  - 4: {fileID: 400000}
  - 137: {fileID: 13700000}
  - 114: {fileID: 11400000}
  m_Layer: 0
  m_Name: LMG
  m_TagString: Untagged
  m_Icon: {fileID: 0}
  m_NavMeshLayer: 0
  m_StaticEditorFlags: 0
  m_IsActive: 1
--- !u!4 &400000
Transform:
  m_ObjectHideFlags: 1
  m_PrefabParentObject: {fileID: 0}
  m_PrefabInternal: {fileID: 100100000}
  m_GameObject: {fileID: 100000}
  m_LocalRotation: {x: -.0177388433, y: -.788184345, z: -.0392652489, w: .613929212}
  m_LocalPosition: {x: -.116315998, y: -.223132908, z: .254020989}
  m_LocalScale: {x: 1.0126915, y: 1.01269102, z: 1.01269102}
  m_Children: []
  m_Father: {fileID: 0}
  m_RootOrder: 0
--- !u!114 &11400000
MonoBehaviour:
  m_ObjectHideFlags: 1
  m_PrefabParentObject: {fileID: 0}
  m_PrefabInternal: {fileID: 100100000}
  m_GameObject: {fileID: 100000}
  m_Enabled: 1
  m_EditorHideFlags: 0
  m_Script: {fileID: 11500000, guid: d5154d67776813f43923b966ecd177ff, type: 3}
  m_Name: 
  m_EditorClassIdentifier: 
  bullet: {fileID: 0}
  barrelexit: {fileID: 0}
  force: 1000
--- !u!137 &13700000
SkinnedMeshRenderer:
  m_ObjectHideFlags: 1
  m_PrefabParentObject: {fileID: 0}
  m_PrefabInternal: {fileID: 100100000}
  m_GameObject: {fileID: 100000}
  m_Enabled: 1
  m_CastShadows: 1
  m_ReceiveShadows: 1
  m_LightmapIndex: 255
  m_LightmapTilingOffset: {x: 1, y: 1, z: 0, w: 0}
  m_Materials:
  - {fileID: 2100000, guid: 928857c828d85d846afde94ded779a8c, type: 2}
  - {fileID: 2100000, guid: cc993e5c61fa22440893f3ee55c9cf2b, type: 2}
  - {fileID: 2100000, guid: f71f1a5603cd09b49b5aa58796db9edc, type: 2}
  - {fileID: 2100000, guid: 9a83f2eeb840fa14a9b4e1510e63e9ad, type: 2}
  - {fileID: 2100000, guid: ec8f790e227ed9541b066f71c1efccf5, type: 2}
  - {fileID: 2100000, guid: c5028e6d6f1bd87459ddaa5027d2bd39, type: 2}
  - {fileID: 2100000, guid: 7ebdd8f2b15e1c8458d45dbe8cd96dd7, type: 2}
  - {fileID: 2100000, guid: f3258c429a4f25a49b35aaf0fd090ea3, type: 2}
  - {fileID: 2100000, guid: 17de2af3b15c50244a9649babd1a129e, type: 2}
  - {fileID: 2100000, guid: 4f14ce07b1485ae4ca89d3ffe19689bf, type: 2}
  - {fileID: 2100000, guid: d70dc6a89be26f94b8c96bd3be08f92e, type: 2}
  - {fileID: 2100000, guid: 0cc45abb6f0d45e4c80dca2c3c0b622d, type: 2}
  - {fileID: 2100000, guid: 2408c16b2e275e548a44ec89e1f25ac4, type: 2}
  - {fileID: 2100000, guid: cdcedf91b36bb644785234f0aab63e42, type: 2}
  - {fileID: 2100000, guid: 5584be4680ab410488c6feb5b1a01776, type: 2}
  m_SubsetIndices: 
  m_StaticBatchRoot: {fileID: 0}
  m_UseLightProbes: 0
  m_LightProbeAnchor: {fileID: 0}
  m_ScaleInLightmap: 1
  m_SortingLayerID: 0
  m_SortingOrder: 0
  serializedVersion: 2
  m_Quality: 0
  m_UpdateWhenOffscreen: 0
  m_Mesh: {fileID: 4300036, guid: f4c76d0af5b222742b949770a249bfe1, type: 3}
  m_Bones:
  - {fileID: 0}
  m_BlendShapeWeights: []
  m_RootBone: {fileID: 0}
  m_AABB:
    m_Center: {x: -.107591778, y: .0118871033, z: .169789031}
    m_Extent: {x: .225631684, y: .0516562834, z: .409282506}
  m_DirtyAABB: 0
--- !u!1001 &100100000
Prefab:
  m_ObjectHideFlags: 1
  serializedVersion: 2
  m_Modification:
    m_TransformParent: {fileID: 0}
    m_Modifications: []
    m_RemovedComponents: []
  m_ParentPrefab: {fileID: 0}
  m_RootGameObject: {fileID: 100000}
  m_IsPrefabParent: 1
  m_IsExploded: 1
