%YAML 1.1
%TAG !u! tag:unity3d.com,2011:
--- !u!1 &100000
GameObject:
  m_ObjectHideFlags: 0
  m_PrefabParentObject: {fileID: 0}
  m_PrefabInternal: {fileID: 100100000}
  serializedVersion: 4
  m_Component:
  - 4: {fileID: 400000}
  - 137: {fileID: 13700000}
  - 114: {fileID: 11400000}
  m_Layer: 0
  m_Name: SMG
  m_TagString: Untagged
  m_Icon: {fileID: 0}
  m_NavMeshLayer: 0
  m_StaticEditorFlags: 0
  m_IsActive: 1
--- !u!4 &400000
Transform:
  m_ObjectHideFlags: 1
  m_PrefabParentObject: {fileID: 0}
  m_PrefabInternal: {fileID: 100100000}
  m_GameObject: {fileID: 100000}
  m_LocalRotation: {x: -.018693056, y: -.785167694, z: -.0312728845, w: .618210554}
  m_LocalPosition: {x: -.845362663, y: .0702316314, z: -.165217832}
  m_LocalScale: {x: .993447959, y: .993447959, z: .993447959}
  m_Children: []
  m_Father: {fileID: 0}
  m_RootOrder: 0
--- !u!114 &11400000
MonoBehaviour:
  m_ObjectHideFlags: 1
  m_PrefabParentObject: {fileID: 0}
  m_PrefabInternal: {fileID: 100100000}
  m_GameObject: {fileID: 100000}
  m_Enabled: 1
  m_EditorHideFlags: 0
  m_Script: {fileID: 11500000, guid: d5154d67776813f43923b966ecd177ff, type: 3}
  m_Name: 
  m_EditorClassIdentifier: 
  bullet: {fileID: 0}
  barrelexit: {fileID: 0}
  force: 1000
--- !u!137 &13700000
SkinnedMeshRenderer:
  m_ObjectHideFlags: 1
  m_PrefabParentObject: {fileID: 0}
  m_PrefabInternal: {fileID: 100100000}
  m_GameObject: {fileID: 100000}
  m_Enabled: 1
  m_CastShadows: 1
  m_ReceiveShadows: 1
  m_LightmapIndex: 255
  m_LightmapTilingOffset: {x: 1, y: 1, z: 0, w: 0}
  m_Materials:
  - {fileID: 2100000, guid: dc865321268ae66479477eac10baa8b6, type: 2}
  - {fileID: 2100000, guid: 3fa4c6263e5a52c41a553ed1fcab1222, type: 2}
  - {fileID: 2100000, guid: c361099b3e89fb745af3187f8be98ecd, type: 2}
  - {fileID: 2100000, guid: 137e889e1285e214cb6cebecbb31635a, type: 2}
  - {fileID: 2100000, guid: b14f3b8d05bf817449a2ac7223ecc73d, type: 2}
  - {fileID: 2100000, guid: 21f5df1d3d98bbb4dbff40c2e87cc031, type: 2}
  - {fileID: 2100000, guid: 9c84487d0a28c754796b484c31e31aba, type: 2}
  - {fileID: 2100000, guid: 7ebdd8f2b15e1c8458d45dbe8cd96dd7, type: 2}
  - {fileID: 2100000, guid: bcb382b3244490a4e98a80713739293c, type: 2}
  - {fileID: 2100000, guid: 882186373c166c44fac1f7877162a4ad, type: 2}
  - {fileID: 2100000, guid: 53897d5c30aefae42acbfa12f3687913, type: 2}
  - {fileID: 2100000, guid: b306517664ebc7b47aaf40ff8f08f30e, type: 2}
  - {fileID: 2100000, guid: cdcedf91b36bb644785234f0aab63e42, type: 2}
  m_SubsetIndices: 
  m_StaticBatchRoot: {fileID: 0}
  m_UseLightProbes: 0
  m_LightProbeAnchor: {fileID: 0}
  m_ScaleInLightmap: 1
  m_SortingLayerID: 0
  m_SortingOrder: 0
  serializedVersion: 2
  m_Quality: 0
  m_UpdateWhenOffscreen: 0
  m_Mesh: {fileID: 4300044, guid: f4c76d0af5b222742b949770a249bfe1, type: 3}
  m_Bones:
  - {fileID: 0}
  m_BlendShapeWeights: []
  m_RootBone: {fileID: 0}
  m_AABB:
    m_Center: {x: -.0569166243, y: -.00183784962, z: .0981870294}
    m_Extent: {x: .320493013, y: .0857368559, z: .421435297}
  m_DirtyAABB: 0
--- !u!1001 &100100000
Prefab:
  m_ObjectHideFlags: 1
  serializedVersion: 2
  m_Modification:
    m_TransformParent: {fileID: 0}
    m_Modifications: []
    m_RemovedComponents: []
  m_ParentPrefab: {fileID: 0}
  m_RootGameObject: {fileID: 100000}
  m_IsPrefabParent: 1
  m_IsExploded: 1
